<record><leader>00000cas a22000007a 4500</leader><controlfield tag="001">28871186</controlfield><controlfield tag="008">930922d191219uuwyuir ne      0    0eng d</controlfield><datafield ind1=" " ind2=" " tag="010"><subfield code="a">sn 93070104 </subfield></datafield><datafield ind1=" " ind2=" " tag="040"><subfield code="a">NVO</subfield><subfield code="b">eng</subfield><subfield code="c">NVO</subfield><subfield code="d">OCLCQ</subfield></datafield><datafield ind1=" " ind2=" " tag="043"><subfield code="a">n-us-wy</subfield></datafield><datafield ind1="0" ind2=" " tag="130"><subfield code="a">Tri-weekly news (Cheyenne, Wyo.)</subfield></datafield><datafield ind1="1" ind2="4" tag="245"><subfield code="a">The Tri-weekly news.</subfield></datafield><datafield ind1=" " ind2=" " tag="260"><subfield code="a">Cheyenne, Wyo. :</subfield><subfield code="b">Cheyenne News Pub. Co.</subfield></datafield><datafield ind1=" " ind2=" " tag="300"><subfield code="a">v.</subfield></datafield><datafield ind1=" " ind2=" " tag="310"><subfield code="a">3 times/week</subfield></datafield><datafield ind1="0" ind2=" " tag="362"><subfield code="a">Vol. 1, no. 1 (June 15, 1912)-</subfield></datafield><datafield ind1=" " ind2="0" tag="651"><subfield code="a">Cheyenne (Wyo.)</subfield><subfield code="v">Newspapers.</subfield></datafield><datafield ind1=" " ind2="0" tag="651"><subfield code="a">Laramie County (Wyo.)</subfield><subfield code="v">Newspapers.</subfield></datafield><datafield ind1=" " ind2=" " tag="752"><subfield code="a">United States</subfield><subfield code="b">Wyoming</subfield><subfield code="c">Laramie</subfield><subfield code="d">Cheyenne.</subfield></datafield><datafield ind1="0" ind2="0" tag="780"><subfield code="t">Fort D.A. Russell news</subfield><subfield code="w">(DLC)sn 93070103</subfield><subfield code="w">(OCoLC)28871194</subfield></datafield></record>